@article {Majid11369,
	author = {Majid, Asifa and others},
	title = {Differential coding of perception in the world{\textquoteright}s languages},
	volume = {115},
	number = {45},
	pages = {11369--11376},
	year = {2018},
	doi = {10.1073/pnas.1720419115},
	publisher = {National Academy of Sciences},
	issn = {0027-8424},
	URL = {\url{https://www.pnas.org/content/115/45/11369}},
	eprint = {https://www.pnas.org/content/115/45/11369.full.pdf},
	journal = {Proceedings of the National Academy of Sciences}
}

@inproceedings{comparisonJsonXml,
			author = {Šimec, Alen and Magličić},
			year = {2014},
			month = {09},
			pages = {},
			title = {Comparison of JSON and XML Data Formats}
}

@misc{		CameraHTTPSOnly,
			title = "Deprecating Powerful Features on Insecure Origins",
			howpublished = {\url{https://sites.google.com/a/chromium.org/dev/Home/chromium-security/deprecating-powerful-features-on-insecure-origins}},
			note = {Accessed: 2020-12-01}
}

@misc{		MixedSourcesPolicy,
			title = "No More Mixed Messages About HTTPS",
			author = {Emily Stark and Carlos Joan Rafael Ibarra Lopez},
			howpublished = {\url{https://blog.chromium.org/2019/10/no-more-mixed-messages-about-https.html}},
			note = {Accessed: 2020-12-01}
}

@misc{		ARjsDoc,
			title = "AR.js Documentation",
			howpublished = {\url{https://ar-js-org.github.io/AR.js-Docs/}},
			note = {Accessed: 2020-12-10}
}

@misc{		DefinitelyTyped,
			title = "DefinitelyTyped - The repository for high quality TypeScript type definitions.",
			howpublished = {\url{https://github.com/DefinitelyTyped/DefinitelyTyped}},
			note = {Accessed: 2020-12-10}
}

@misc{		Webpack,
			title = "Concepts | webpack",
			author = {Larkin, Sean and others},
			howpublished = {\url{https://webpack.js.org/concepts/}},
			note = {Accessed: 2021-01-16}
}

@misc{		ApiDesignBestPractices,
			title = "Web API design",
			howpublished = {\url{https://docs.microsoft.com/de-de/azure/architecture/best-practices/api-design}},
			note = {Accessed: 2020-12-08}
}

@misc{		DotNetDownloadPage,
			title = ".Net",
			howpublished = {\url{https://dotnet.microsoft.com/}},
			note = {Accessed: 2020-12-07}
}

@article{	van2014cross,
			title={Cross-origin resource sharing, 2013},
			author={Van Kesteren, Anne and others},
			journal={URL \url{http://www. w3. org/TR/cors/}. Accessed on June 16th},
			year={2014}
}

@misc{		Dependen80:online,
			author = {Larkin, Kirk and Smith, Steve and Addie, Scott and Dahler, Brandon},
			title = {Dependency Injection in ASP.NET Core},
			howpublished = {\url{https://docs.microsoft.com/de-de/aspnet/core/fundamentals/dependency-injection?view=aspnetcore-5.0}},
			note = {(Accessed: 22.12.2020)}
}
